@book{Thomson:2013zua,
    author = "Thomson, Mark",
    title = "{Modern Particle Physics}",
    isbn = "978-1-107-03426-6",
    publisher = "Cambridge University Press",
    address = "New York",
    year = "2013"
}

@book{Ryder:1985wq,
    author = "Ryder, L. H.",
    title = "{Quantum Field Theory}",
    isbn = "978-0-521-47814-4, 978-1-139-63239-3, 978-0-521-23764-2",
    publisher = "Cambridge University Press",
    month = "6",
    year = "1996"
}

@article{PhysRev.109.1015,
  title = "{Helicity of Neutrinos}",
  author = {Goldhaber, M. and Grodzins, L. and Sunyar, A. W.},
  journal = {Phys. Rev.},
  volume = {109},
  issue = {3},
  pages = {1015--1017},
  numpages = {0},
  year = {1958},
  month = {Feb},
  publisher = {American Physical Society},
  doi = {10.1103/PhysRev.109.1015},
  url = {https://link.aps.org/doi/10.1103/PhysRev.109.1015}
}

@book{Peskin:1995ev,
    author = "Peskin, Michael E. and Schroeder, Daniel V.",
    title = "{An Introduction to Quantum Field Theory}",
    isbn = "978-0-201-50397-5",
    publisher = "Addison-Wesley",
    address = "Reading, USA",
    year = "1995"
}

@article{PhysRevLett.13.508,
  title = "{Broken Symmetries and the Masses of Gauge Bosons}",
  author = {Higgs, Peter W.},
  journal = {Phys. Rev. Lett.},
  volume = {13},
  issue = {16},
  pages = {508--509},
  numpages = {0},
  year = {1964},
  month = {Oct},
  publisher = {American Physical Society},
  doi = {10.1103/PhysRevLett.13.508},
  url = {https://link.aps.org/doi/10.1103/PhysRevLett.13.508}
}

@article{PhysRevLett.19.1264,
  title = "{A Model of Leptons}",
  author = {Weinberg, Steven},
  journal = {Phys. Rev. Lett.},
  volume = {19},
  issue = {21},
  pages = {1264--1266},
  numpages = {0},
  year = {1967},
  month = {Nov},
  publisher = {American Physical Society},
  doi = {10.1103/PhysRevLett.19.1264},
  url = {https://link.aps.org/doi/10.1103/PhysRevLett.19.1264}
}

@inproceedings{Pich:2012sx,
    author = "Pich, Antonio",
    title = "{The Standard Model of Electroweak Interactions}",
    booktitle = "{2010 European School of High Energy Physics}",
    eprint = "1201.0537",
    archivePrefix = "arXiv",
    primaryClass = "hep-ph",
    reportNumber = "IFIC-11-73, FTUV-12-0102",
    month = "1",
    year = "2012"
}

@article{Soffer,
author = {Bunce, Gerry and Saito, Naohito and Soffer, Jacques and Vogelsang, Werner},
year = {2000},
month = {08},
pages = {},
title = {Prospects for spin physics at RHIC},
volume = {50},
journal = {Annual Review of Nuclear and Particle Science},
doi = {10.1146/annurev.nucl.50.1.525}
}

@article{Mangano:2018sfp,
    author = "Mangano, M.",
    editor = "Mulders, M. and Zanderighi, G.",
    title = "{QCD and the physics of Hadronic Collisions}",
    doi = "10.23730/CYRSP-2018-004.27",
    journal = "CERN Yellow Rep. School Proc.",
    volume = "4",
    pages = "27--62",
    year = "2018"
}

@article{ATWOOD1976479,
title = {Inelastic electron scattering from hydrogen at 50° and 60°},
journal = {Physics Letters B},
volume = {64},
number = {4},
pages = {479-482},
year = {1976},
issn = {0370-2693},
doi = {https://doi.org/10.1016/0370-2693(76)90127-1},
url = {https://www.sciencedirect.com/science/article/pii/0370269376901271},
author = {W.B. Atwood and E.D. Bloom and R.L.A. Cottrell and H. DeStaebler and M. Mestayer and C.Y. Prescott and L.S. Rochester and S. Stein and R.E. Taylor and D. Trines},
abstract = {Inelastic electron scattering cross sections have been measured for four-momentum transfers between 4.1 GeV2 and 30.5 GeV2. At the large scattering angles of this experiment, the dominant contribution to the cross section comes from the W1 structure function. In the conventional scaling variables, x and x′, this structure function does not exhibit scaling behavior, and at fixed x or x′ it is found to decrease with increasing four-momentum transfer.}
}

@article{tHooft:1971qjg,
    author = "'t Hooft, Gerard",
    editor = "Taylor, J. C.",
    title = "{Renormalizable Lagrangians for Massive Yang-Mills Fields}",
    doi = "10.1016/0550-3213(71)90139-8",
    journal = "Nucl. Phys. B",
    volume = "35",
    pages = "167--188",
    year = "1971"
}

@article{Banerjee,
author = {Banerjee, Debasish and Nayak, Jajati and Venugopalan, Raju},
year = {2008},
month = {10},
pages = {},
title = {Two Introductory Lectures on High-Energy QCD and Heavy-Ion Collisions},
volume = {785},
isbn = {978-3-642-02285-2},
journal = {Lecture Notes in Physics},
doi = {10.1007/978-3-642-02286-9_3}
}

@article{Metcalfe,
author = {Metcalfe, Jessica and Seidel, Simone and Allahverdi, Rouzbeh and Bean, Alice and Gorelov, Igor},
year = {2021},
month = {08},
pages = {},
title = {Development of Planar and 3D Silicon Sensor Technologies for the ATLAS Experiment Upgrades and Measurements of Heavy Quark Production Fractions with Fully Reconstructed D-star Mesons with ATLAS}
}

%Hadronization image from chapter 2 (below)
@article{Beutler,
author = {Beutler, Florian},
year = {2009},
month = {05},
pages = {},
title = {Thermal description of hadron production in e+e- collisions}
}


@article{Sterman:1977wj,
    author = "Sterman, George F. and Weinberg, Steven",
    title = "{Jets from Quantum Chromodynamics}",
    reportNumber = "HUTP-77/A044",
    doi = "10.1103/PhysRevLett.39.1436",
    journal = "Phys. Rev. Lett.",
    volume = "39",
    pages = "1436",
    year = "1977"
}

@article{Cacciari:2008gp,
    author = "Cacciari, Matteo and Salam, Gavin P. and Soyez, Gregory",
    title = "{The anti-$k_t$ jet clustering algorithm}",
    eprint = "0802.1189",
    archivePrefix = "arXiv",
    primaryClass = "hep-ph",
    reportNumber = "LPTHE-07-03",
    doi = "10.1088/1126-6708/2008/04/063",
    journal = "JHEP",
    volume = "04",
    pages = "063",
    year = "2008"
}

@article{Salam:2010nqg,
    author = "Salam, Gavin P.",
    title = "{Towards Jetography}",
    eprint = "0906.1833",
    archivePrefix = "arXiv",
    primaryClass = "hep-ph",
    doi = "10.1140/epjc/s10052-010-1314-6",
    journal = "Eur. Phys. J. C",
    volume = "67",
    pages = "637--686",
    year = "2010"
}

@article{ATLAS:2012yve,
    author = "Aad, Georges and others",
    collaboration = "ATLAS",
    title = "{Observation of a new particle in the search for the Standard 			Model Higgs boson with the ATLAS detector at the LHC}",
    eprint = "1207.7214",
    archivePrefix = "arXiv",
    primaryClass = "hep-ex",
    reportNumber = "CERN-PH-EP-2012-218",
    doi = "10.1016/j.physletb.2012.08.020",
    journal = "Phys. Lett. B",
    volume = "716",
    pages = "1--29",
    year = "2012"
}

@article{PhysRev.105.1413,
  title = {Experimental Test of Parity Conservation in Beta Decay},
  author = {Wu, C. S. and Ambler, E. and Hayward, R. W. and Hoppes, D. D. and Hudson, R. P.},
  journal = {Phys. Rev.},
  volume = {105},
  issue = {4},
  pages = {1413--1415},
  numpages = {0},
  year = {1957},
  month = {Feb},
  publisher = {American Physical Society},
  doi = {10.1103/PhysRev.105.1413},
  url = {https://link.aps.org/doi/10.1103/PhysRev.105.1413}
}

 @misc{ enwiki:1039528522,
    author = "{Wikipedia contributors}",
    title = "Standard Model --- {Wikipedia}{,} The Free Encyclopedia",
    year = "2021",
    howpublished = "\url{https://en.wikipedia.org/w/index.php?title=Standard_Model&oldid=1039528522}",
    note = "[Online; accessed 19-August-2021]"
  }
  
  @misc{ wiki:xxx,
   author = "Wikimedia Commons",
   title = "File:Running coupling constants.svg --- Wikimedia Commons{,} the free media repository",
   year = "2020",
   url = "\url{https://commons.wikimedia.org/w/index.php?title=File:Running_coupling_constants.svg&oldid=507424081}",
   note = "[Online; accessed 19-August-2021]"
 }
 
 @article{CMS:2017wtu,
    author = "Sirunyan, A. M. and others",
    collaboration = "CMS",
    title = "{Identification of heavy-flavour jets with the CMS detector in pp collisions at 13 TeV}",
    eprint = "1712.07158",
    archivePrefix = "arXiv",
    primaryClass = "physics.ins-det",
    reportNumber = "CMS-BTV-16-002, CERN-EP-2017-326",
    doi = "10.1088/1748-0221/13/05/P05011",
    journal = "JINST",
    volume = "13",
    number = "05",
    pages = "P05011",
    year = "2018"
}




